@online{site:registro_imprese,
    title   = {Esempio di attuale utilizzo del registro imprese},
    url     = {http://www.registroimprese.it/}
}

@online{site:mappa_camere,
	title   = {Displocazione delle Camere di Commercio Italiane e relative sedi distaccate},
	url     = {https://www.infocamere.it/noi-e-le-camere-di-commerico}
}

@online{site:suap_venezia,
	title   = {Servizi telematici offerti dal SUAP di Venezia},
	url     = {http://www.impresainungiorno.gov.it/web/guest/comune?codCatastale=L736}
}

@online{site:drupal,
	title   = {Nuovo istanza di un sito Drupal},
	url     = {https://www.drupal.org/documentation/install/beginners}
}